<?xml version="1.0" encoding="UTF-8"?><collection xmlns="http://www.loc.gov/MARC21/slim"><record><leader>00693nam--2200229-u-4500</leader><controlfield tag="001">000050684</controlfield><controlfield tag="002">20161230</controlfield><controlfield tag="005">20161230201048</controlfield><controlfield tag="008">080312s1000------------r-----000-0-eng-d</controlfield><datafield ind1=" " ind2=" " tag="020"><subfield code="a">3527306862</subfield></datafield><datafield ind1=" " ind2=" " tag="040"><subfield code="a">IFIN-HH</subfield></datafield><datafield ind1=" " ind2=" " tag="080"><subfield code="a">538.9:542.057:542.06</subfield></datafield><datafield ind1="1" ind2=" " tag="100"><subfield code="a">Rao, C.N.R</subfield></datafield><datafield ind1="1" ind2="0" tag="245"><subfield code="a">The Chemistry of Nanomaterials</subfield><subfield code="b">Synthesis, Properties and Applications in 2 volumes</subfield><subfield code="c">C.N.R. Rao; A. Muller; A.K. Cheetham (Eds.)</subfield></datafield><datafield ind1=" " ind2=" " tag="260"><subfield code="a">Weinheim</subfield><subfield code="b">John Wiley</subfield><subfield code="c">2004</subfield></datafield><datafield ind1=" " ind2=" " tag="300"><subfield code="a">2 Volumes</subfield></datafield><datafield ind1=" " ind2=" " tag="504"><subfield code="a">Includes References</subfield></datafield><datafield ind1=" " ind2="4" tag="650"><subfield code="a">Nanostructures and Nanomaterials</subfield></datafield><datafield ind1="1" ind2=" " tag="700"><subfield code="a">Cheetham, A.K</subfield><subfield code="e">Ed</subfield></datafield><datafield ind1=" " ind2=" " tag="787"><subfield code="a">Vol. 2</subfield><subfield code="h">/370p./741p</subfield></datafield><datafield ind1=" " ind2=" " tag="852"><subfield code="c">001.2</subfield></datafield><datafield ind1=" " ind2=" " tag="CAT"><subfield code="a">Sys</subfield><subfield code="c">20110104</subfield><subfield code="h">155327</subfield></datafield></record></collection>